%YAML 1.1
%TAG !u! tag:unity3d.com,2011:
--- !u!1 &8677836686412416715
GameObject:
  m_ObjectHideFlags: 0
  m_CorrespondingSourceObject: {fileID: 0}
  m_PrefabInstance: {fileID: 0}
  m_PrefabAsset: {fileID: 0}
  serializedVersion: 6
  m_Component:
  - component: {fileID: 3512117054810521585}
  m_Layer: 0
  m_Name: Stage2Lblock
  m_TagString: Untagged
  m_Icon: {fileID: 0}
  m_NavMeshLayer: 0
  m_StaticEditorFlags: 0
  m_IsActive: 1
--- !u!4 &3512117054810521585
Transform:
  m_ObjectHideFlags: 0
  m_CorrespondingSourceObject: {fileID: 0}
  m_PrefabInstance: {fileID: 0}
  m_PrefabAsset: {fileID: 0}
  m_GameObject: {fileID: 8677836686412416715}
  m_LocalRotation: {x: 0, y: 0, z: 0, w: 1}
  m_LocalPosition: {x: -4.9, y: 0, z: -6.93}
  m_LocalScale: {x: 1, y: 1, z: 1}
  m_Children:
  - {fileID: 3177611652753151121}
  - {fileID: 4826740523592758604}
  - {fileID: 5629304257415825904}
  - {fileID: 6702522953843723362}
  m_Father: {fileID: 0}
  m_RootOrder: 0
  m_LocalEulerAnglesHint: {x: 0, y: 0, z: 0}
--- !u!1001 &1099142566482262180
PrefabInstance:
  m_ObjectHideFlags: 0
  serializedVersion: 2
  m_Modification:
    m_TransformParent: {fileID: 3512117054810521585}
    m_Modifications:
    - target: {fileID: 2426490578550303142, guid: 539d8a4fa04785a41b2ab97fc7ae6346,
        type: 3}
      propertyPath: m_Name
      value: Stage2CubeBlock2x2 (3)
      objectReference: {fileID: 0}
    - target: {fileID: 5928097524579464390, guid: 539d8a4fa04785a41b2ab97fc7ae6346,
        type: 3}
      propertyPath: m_LocalPosition.x
      value: 4
      objectReference: {fileID: 0}
    - target: {fileID: 5928097524579464390, guid: 539d8a4fa04785a41b2ab97fc7ae6346,
        type: 3}
      propertyPath: m_LocalPosition.y
      value: 0
      objectReference: {fileID: 0}
    - target: {fileID: 5928097524579464390, guid: 539d8a4fa04785a41b2ab97fc7ae6346,
        type: 3}
      propertyPath: m_LocalPosition.z
      value: 0
      objectReference: {fileID: 0}
    - target: {fileID: 5928097524579464390, guid: 539d8a4fa04785a41b2ab97fc7ae6346,
        type: 3}
      propertyPath: m_LocalRotation.x
      value: 0
      objectReference: {fileID: 0}
    - target: {fileID: 5928097524579464390, guid: 539d8a4fa04785a41b2ab97fc7ae6346,
        type: 3}
      propertyPath: m_LocalRotation.y
      value: 0
      objectReference: {fileID: 0}
    - target: {fileID: 5928097524579464390, guid: 539d8a4fa04785a41b2ab97fc7ae6346,
        type: 3}
      propertyPath: m_LocalRotation.z
      value: 0.7071068
      objectReference: {fileID: 0}
    - target: {fileID: 5928097524579464390, guid: 539d8a4fa04785a41b2ab97fc7ae6346,
        type: 3}
      propertyPath: m_LocalRotation.w
      value: 0.7071068
      objectReference: {fileID: 0}
    - target: {fileID: 5928097524579464390, guid: 539d8a4fa04785a41b2ab97fc7ae6346,
        type: 3}
      propertyPath: m_RootOrder
      value: 3
      objectReference: {fileID: 0}
    - target: {fileID: 5928097524579464390, guid: 539d8a4fa04785a41b2ab97fc7ae6346,
        type: 3}
      propertyPath: m_LocalEulerAnglesHint.x
      value: 0
      objectReference: {fileID: 0}
    - target: {fileID: 5928097524579464390, guid: 539d8a4fa04785a41b2ab97fc7ae6346,
        type: 3}
      propertyPath: m_LocalEulerAnglesHint.y
      value: 0
      objectReference: {fileID: 0}
    - target: {fileID: 5928097524579464390, guid: 539d8a4fa04785a41b2ab97fc7ae6346,
        type: 3}
      propertyPath: m_LocalEulerAnglesHint.z
      value: 90
      objectReference: {fileID: 0}
    m_RemovedComponents: []
  m_SourcePrefab: {fileID: 100100000, guid: 539d8a4fa04785a41b2ab97fc7ae6346, type: 3}
--- !u!4 &6702522953843723362 stripped
Transform:
  m_CorrespondingSourceObject: {fileID: 5928097524579464390, guid: 539d8a4fa04785a41b2ab97fc7ae6346,
    type: 3}
  m_PrefabInstance: {fileID: 1099142566482262180}
  m_PrefabAsset: {fileID: 0}
--- !u!1001 &1204945604096344458
PrefabInstance:
  m_ObjectHideFlags: 0
  serializedVersion: 2
  m_Modification:
    m_TransformParent: {fileID: 3512117054810521585}
    m_Modifications:
    - target: {fileID: 2426490578550303142, guid: 539d8a4fa04785a41b2ab97fc7ae6346,
        type: 3}
      propertyPath: m_Name
      value: Stage2CubeBlock2x2 (1)
      objectReference: {fileID: 0}
    - target: {fileID: 5928097524579464390, guid: 539d8a4fa04785a41b2ab97fc7ae6346,
        type: 3}
      propertyPath: m_LocalPosition.x
      value: 2
      objectReference: {fileID: 0}
    - target: {fileID: 5928097524579464390, guid: 539d8a4fa04785a41b2ab97fc7ae6346,
        type: 3}
      propertyPath: m_LocalPosition.y
      value: 0
      objectReference: {fileID: 0}
    - target: {fileID: 5928097524579464390, guid: 539d8a4fa04785a41b2ab97fc7ae6346,
        type: 3}
      propertyPath: m_LocalPosition.z
      value: 0
      objectReference: {fileID: 0}
    - target: {fileID: 5928097524579464390, guid: 539d8a4fa04785a41b2ab97fc7ae6346,
        type: 3}
      propertyPath: m_LocalRotation.x
      value: 0
      objectReference: {fileID: 0}
    - target: {fileID: 5928097524579464390, guid: 539d8a4fa04785a41b2ab97fc7ae6346,
        type: 3}
      propertyPath: m_LocalRotation.y
      value: 0
      objectReference: {fileID: 0}
    - target: {fileID: 5928097524579464390, guid: 539d8a4fa04785a41b2ab97fc7ae6346,
        type: 3}
      propertyPath: m_LocalRotation.z
      value: 0
      objectReference: {fileID: 0}
    - target: {fileID: 5928097524579464390, guid: 539d8a4fa04785a41b2ab97fc7ae6346,
        type: 3}
      propertyPath: m_LocalRotation.w
      value: 1
      objectReference: {fileID: 0}
    - target: {fileID: 5928097524579464390, guid: 539d8a4fa04785a41b2ab97fc7ae6346,
        type: 3}
      propertyPath: m_RootOrder
      value: 1
      objectReference: {fileID: 0}
    - target: {fileID: 5928097524579464390, guid: 539d8a4fa04785a41b2ab97fc7ae6346,
        type: 3}
      propertyPath: m_LocalEulerAnglesHint.x
      value: 0
      objectReference: {fileID: 0}
    - target: {fileID: 5928097524579464390, guid: 539d8a4fa04785a41b2ab97fc7ae6346,
        type: 3}
      propertyPath: m_LocalEulerAnglesHint.y
      value: 0
      objectReference: {fileID: 0}
    - target: {fileID: 5928097524579464390, guid: 539d8a4fa04785a41b2ab97fc7ae6346,
        type: 3}
      propertyPath: m_LocalEulerAnglesHint.z
      value: 0
      objectReference: {fileID: 0}
    m_RemovedComponents: []
  m_SourcePrefab: {fileID: 100100000, guid: 539d8a4fa04785a41b2ab97fc7ae6346, type: 3}
--- !u!4 &4826740523592758604 stripped
Transform:
  m_CorrespondingSourceObject: {fileID: 5928097524579464390, guid: 539d8a4fa04785a41b2ab97fc7ae6346,
    type: 3}
  m_PrefabInstance: {fileID: 1204945604096344458}
  m_PrefabAsset: {fileID: 0}
--- !u!1001 &2043397485760822582
PrefabInstance:
  m_ObjectHideFlags: 0
  serializedVersion: 2
  m_Modification:
    m_TransformParent: {fileID: 3512117054810521585}
    m_Modifications:
    - target: {fileID: 2426490578550303142, guid: 539d8a4fa04785a41b2ab97fc7ae6346,
        type: 3}
      propertyPath: m_Name
      value: Stage2CubeBlock2x2 (2)
      objectReference: {fileID: 0}
    - target: {fileID: 5928097524579464390, guid: 539d8a4fa04785a41b2ab97fc7ae6346,
        type: 3}
      propertyPath: m_LocalPosition.x
      value: 2
      objectReference: {fileID: 0}
    - target: {fileID: 5928097524579464390, guid: 539d8a4fa04785a41b2ab97fc7ae6346,
        type: 3}
      propertyPath: m_LocalPosition.y
      value: 1
      objectReference: {fileID: 0}
    - target: {fileID: 5928097524579464390, guid: 539d8a4fa04785a41b2ab97fc7ae6346,
        type: 3}
      propertyPath: m_LocalPosition.z
      value: 0
      objectReference: {fileID: 0}
    - target: {fileID: 5928097524579464390, guid: 539d8a4fa04785a41b2ab97fc7ae6346,
        type: 3}
      propertyPath: m_LocalRotation.x
      value: 0
      objectReference: {fileID: 0}
    - target: {fileID: 5928097524579464390, guid: 539d8a4fa04785a41b2ab97fc7ae6346,
        type: 3}
      propertyPath: m_LocalRotation.y
      value: 0
      objectReference: {fileID: 0}
    - target: {fileID: 5928097524579464390, guid: 539d8a4fa04785a41b2ab97fc7ae6346,
        type: 3}
      propertyPath: m_LocalRotation.z
      value: 0
      objectReference: {fileID: 0}
    - target: {fileID: 5928097524579464390, guid: 539d8a4fa04785a41b2ab97fc7ae6346,
        type: 3}
      propertyPath: m_LocalRotation.w
      value: 1
      objectReference: {fileID: 0}
    - target: {fileID: 5928097524579464390, guid: 539d8a4fa04785a41b2ab97fc7ae6346,
        type: 3}
      propertyPath: m_RootOrder
      value: 2
      objectReference: {fileID: 0}
    - target: {fileID: 5928097524579464390, guid: 539d8a4fa04785a41b2ab97fc7ae6346,
        type: 3}
      propertyPath: m_LocalEulerAnglesHint.x
      value: 0
      objectReference: {fileID: 0}
    - target: {fileID: 5928097524579464390, guid: 539d8a4fa04785a41b2ab97fc7ae6346,
        type: 3}
      propertyPath: m_LocalEulerAnglesHint.y
      value: 0
      objectReference: {fileID: 0}
    - target: {fileID: 5928097524579464390, guid: 539d8a4fa04785a41b2ab97fc7ae6346,
        type: 3}
      propertyPath: m_LocalEulerAnglesHint.z
      value: 0
      objectReference: {fileID: 0}
    m_RemovedComponents: []
  m_SourcePrefab: {fileID: 100100000, guid: 539d8a4fa04785a41b2ab97fc7ae6346, type: 3}
--- !u!4 &5629304257415825904 stripped
Transform:
  m_CorrespondingSourceObject: {fileID: 5928097524579464390, guid: 539d8a4fa04785a41b2ab97fc7ae6346,
    type: 3}
  m_PrefabInstance: {fileID: 2043397485760822582}
  m_PrefabAsset: {fileID: 0}
--- !u!1001 &9105699812141965399
PrefabInstance:
  m_ObjectHideFlags: 0
  serializedVersion: 2
  m_Modification:
    m_TransformParent: {fileID: 3512117054810521585}
    m_Modifications:
    - target: {fileID: 2426490578550303142, guid: 539d8a4fa04785a41b2ab97fc7ae6346,
        type: 3}
      propertyPath: m_Name
      value: Stage2CubeBlock2x2
      objectReference: {fileID: 0}
    - target: {fileID: 5928097524579464390, guid: 539d8a4fa04785a41b2ab97fc7ae6346,
        type: 3}
      propertyPath: m_LocalPosition.x
      value: 0
      objectReference: {fileID: 0}
    - target: {fileID: 5928097524579464390, guid: 539d8a4fa04785a41b2ab97fc7ae6346,
        type: 3}
      propertyPath: m_LocalPosition.y
      value: 0
      objectReference: {fileID: 0}
    - target: {fileID: 5928097524579464390, guid: 539d8a4fa04785a41b2ab97fc7ae6346,
        type: 3}
      propertyPath: m_LocalPosition.z
      value: 0
      objectReference: {fileID: 0}
    - target: {fileID: 5928097524579464390, guid: 539d8a4fa04785a41b2ab97fc7ae6346,
        type: 3}
      propertyPath: m_LocalRotation.x
      value: 0
      objectReference: {fileID: 0}
    - target: {fileID: 5928097524579464390, guid: 539d8a4fa04785a41b2ab97fc7ae6346,
        type: 3}
      propertyPath: m_LocalRotation.y
      value: 0
      objectReference: {fileID: 0}
    - target: {fileID: 5928097524579464390, guid: 539d8a4fa04785a41b2ab97fc7ae6346,
        type: 3}
      propertyPath: m_LocalRotation.z
      value: 0
      objectReference: {fileID: 0}
    - target: {fileID: 5928097524579464390, guid: 539d8a4fa04785a41b2ab97fc7ae6346,
        type: 3}
      propertyPath: m_LocalRotation.w
      value: 1
      objectReference: {fileID: 0}
    - target: {fileID: 5928097524579464390, guid: 539d8a4fa04785a41b2ab97fc7ae6346,
        type: 3}
      propertyPath: m_RootOrder
      value: 0
      objectReference: {fileID: 0}
    - target: {fileID: 5928097524579464390, guid: 539d8a4fa04785a41b2ab97fc7ae6346,
        type: 3}
      propertyPath: m_LocalEulerAnglesHint.x
      value: 0
      objectReference: {fileID: 0}
    - target: {fileID: 5928097524579464390, guid: 539d8a4fa04785a41b2ab97fc7ae6346,
        type: 3}
      propertyPath: m_LocalEulerAnglesHint.y
      value: 0
      objectReference: {fileID: 0}
    - target: {fileID: 5928097524579464390, guid: 539d8a4fa04785a41b2ab97fc7ae6346,
        type: 3}
      propertyPath: m_LocalEulerAnglesHint.z
      value: 0
      objectReference: {fileID: 0}
    m_RemovedComponents: []
  m_SourcePrefab: {fileID: 100100000, guid: 539d8a4fa04785a41b2ab97fc7ae6346, type: 3}
--- !u!4 &3177611652753151121 stripped
Transform:
  m_CorrespondingSourceObject: {fileID: 5928097524579464390, guid: 539d8a4fa04785a41b2ab97fc7ae6346,
    type: 3}
  m_PrefabInstance: {fileID: 9105699812141965399}
  m_PrefabAsset: {fileID: 0}
